@mastersthesis{RoboDiff,
	author="Frederico Carvalho Vieira",
	title="Controle Dinâmico de Robôs Móveis com Acionamento Diferencial",
	school="Universidade Federal do Rio Grande do Norte",
	year="2005",
	note="Disponível em \url{ftp://ftp.ppgeec.ufrn.br/Mestrado/M130.pdf} - Ultimo acesso 27/03/2009", 
}
@inbook{Ogata:TEM-1995,
	author="Katsuhiko Ogata",
	title="Discrete Time Control Systems",
	edition="2nd",
	volume="2",
	address="Minnesota",
	publisher="Prentice-Hall",
	year="1995",
	pages="312-315"
}
@inbook{NISE:1992,
	author="Norman S. Nise",
	title="Control Systems Engineering",
	edition="3rd",
	volume="2",
	address="Redwook City, California",
	publisher="Benjamin/Cummings",
	year="1992",
}
@article{Eason:PTR-A247-529,
	author="A. Eason and B. Noble and I. N. Sneddon",
	title="On certain integrals of Lipschitz-Hankel type involving products of Bessel functions",
	journal="Phil. Trans. Roy. Soc.",
	address="London",
	volume="A247",
	pages="529-551",
	month="April",
	year="1955"
}

@book{chen,
	author = {Chen, Chi-Tsong},
	title = {Linear System Theory and Design},
	year = {1999},
	isbn = {0195117778},
	publisher = {Oxford University Press, Inc.},
	address = {New York, NY, USA},
	edition="3rd",
}

@incollection{Jacobs:MAG-1963-271,
	author="I. S. Jacobs",
	title="Fine Particles and Thin Films",
	booktitle="Magnetism",
	volume="III",
	editor="G. T. Rado and H. Suhl",
	address="New York",
	publisher="Academic",
	year="1963",
	pages="271-350"
}

@unpublished{Elissa,
	author="K. Elissa",
	title="Not published yet, even if submitted",
	note="unpublished"
}
@article{UPS-control,
       author="G. Thomaz and Luís F. A. Pereira, G. Bonan and D. Coutinho",
       title="Robust PSC control design for sinusoidal tracking in ininterruptible power suplies",
       journal="",
       address="Porto Alegre",
       volume="",
       pages="",
       month="April",
       year="2009"
}

@TechReport{TCC-neuhaus,
	author="Tassiano Neuhaus",
	title="Controle e automacão de um goniômetro para determinacão do índice de refracão de filmes dielétricos",
	school="Universidade Federal do Rio Grande do Sul",
	year="2008",
	note="Projeto de diplomacão", 
}

@inbook{UML-distilled:2004,
	author="Martin Fowler",
	title="UML Distilled",
	edition="3rd",
	volume="1",
	address="Boston, MA",
	publisher="",
	year="2004",
}
@unpublished{Elipse_manual,
	author="Ltda Elipse",
	title="Tutorial Elipse Scada",
	note="Versão 2.29",
	year="2008",
}

@article{kalman60,
	author="R. E. Kalman",
	title="A New Approach to Linear Filtering and Prediction Problems",
	journal="Transaction of ASME - Journal of Basic Engineering.",
	volume="82",
	pages="35-45",
	month="March",
	year="1960"
}

@article{kalman_bucy,
	author="R. E. Kalman and R. S. Bucy",
	title="New Results in Linear Filtering and Prediction Theory",
	journal="Transaction of ASME - Journal of Basic Engineering.",
	volume="83",
	pages="95-107",
	year="1961"
}

@article{welch_bishop,
	author="G. Welch and G. Bishop",
	title="An Introduction to Kalman Filter",
	journal="University of North Carolina at Chapel Hill",
	year="2006",
	month="July"
}

@article{Arulampalam,
	author="M. Arulampalam and S. Maskell and N. Gordon and T. Clapp",
	title="A Tutorial on Particle Filters for Online Nonlinear/Non-Gaussian Bayesian Tracking",
	journal="IEEE Transactions on Signal Processing",
	volume="50",
	pages="174-188",
	year="2002"
}

@article{armando_sousa,
	author="Armando J. de Sousa and Paulo da Costa and Antonio Moreira",
	title="Sistema de localização de Robôs móveis baseado em filtro de Kalman Estendido",
	journal="Faculdade de Engenharia, Universidade do Porto, Portugal",
}
@inbook{lq_control_dorato,
	author="Peter Dorato and Chaouki Abdallah",
	title="Linear-Quadratic Control - An Introduction",
	edition="1st",
	address="New Jersey",
	publisher="Prentice-Hall",
	year="1995",
	pages="123-180"
}

@article{zhang_zeng,
	author="Le-Jie Zhang and Zeng-Guang Hou and Min TAN",
	title="Kalman Filter and Vision Localization Based Potential Field Method for Autonomous Mobile Robots",
	journal="IEEE International Conference on Mechatronics and Automation",
	pages="1157-1162",
	year="2005"
}

@inbook{lmi_matlab,
	author="Pascal Gahinet and Arkadi Nemirovski and Alan J. Laub and Mahmoud Chilali",
	title="LMI Control Toolbox",
	edition="1st",
	volume="1",
	address="Natick, MA",
	publisher="MathWorks, Inc.",
	year="1995"
}
@inbook{aguirre,
	author="Luis Antonio Aguirre",
	title="Introdução à identificação de sistemas, Técnicas lineares e não-lineares aplicadas a sistemas reais",
	edition="2nd",
	volume="1",
	address="Belo Horizonte, Minas Gerais",
	publisher="Editora UFMG",
	year="2004"
}

@inbook{system_identification,
	author="Torsten Soderstrom and Petre Stoica",
	title="System idendification",
	address="New york",
	publisher="Prentice Hall",
	year="2001"
}
